<record><leader>00000cas a22000007a 4500</leader><controlfield tag="001">11167100</controlfield><controlfield tag="008">840918c18749999wiuwr ne      0   a0eng d</controlfield><datafield ind1=" " ind2=" " tag="010"><subfield code="a">sn 84001221 </subfield></datafield><datafield ind1=" " ind2=" " tag="040"><subfield code="a">NSD</subfield><subfield code="b">eng</subfield><subfield code="c">NSD</subfield><subfield code="d">NPV</subfield><subfield code="d">OCLCQ</subfield></datafield><datafield ind1=" " ind2=" " tag="012"><subfield code="l">1</subfield><subfield code="m">1</subfield></datafield><datafield ind1="1" ind2=" " tag="022"><subfield code="a">0749-7210</subfield><subfield code="l">0749-7210</subfield><subfield code="2">1</subfield></datafield><datafield ind1="1" ind2=" " tag="029"><subfield code="a">AU@</subfield><subfield code="b">000025827508</subfield></datafield><datafield ind1=" " ind2=" " tag="032"><subfield code="a">065240</subfield><subfield code="b">USPS</subfield></datafield><datafield ind1=" " ind2=" " tag="037"><subfield code="b">Zander Press, 425 West Ryan St., Brillion, WI 54110</subfield></datafield><datafield ind1=" " ind2=" " tag="042"><subfield code="a">nsdp</subfield></datafield><datafield ind1=" " ind2="4" tag="222"><subfield code="a">The Brillion news</subfield></datafield><datafield ind1="0" ind2="4" tag="245"><subfield code="a">The Brillion news.</subfield></datafield><datafield ind1="0" ind2="3" tag="246"><subfield code="a">Forest Junction community news</subfield></datafield><datafield ind1=" " ind2=" " tag="260"><subfield code="a">Brillion, Wis. :</subfield><subfield code="b">W.W. Stoddard,</subfield><subfield code="c">1874-</subfield></datafield><datafield ind1=" " ind2=" " tag="310"><subfield code="a">Weekly</subfield></datafield><datafield ind1=" " ind2=" " tag="500"><subfield code="a">Vol. 1, no. 1 (Sept. 7, 1874)-</subfield></datafield><datafield ind1=" " ind2=" " tag="500"><subfield code="a">Publisher varies.</subfield></datafield><datafield ind1=" " ind2=" " tag="500"><subfield code="a">Added masthead: Forest Junction Community News.</subfield></datafield><datafield ind1=" " ind2=" " tag="525"><subfield code="a">Supplements accompany some issues.</subfield></datafield><datafield ind1=" " ind2=" " tag="752"><subfield code="a">United States</subfield><subfield code="b">Wisconsin</subfield><subfield code="c">Calumet</subfield><subfield code="d">Forest Junction.</subfield></datafield><datafield ind1=" " ind2=" " tag="752"><subfield code="a">United States</subfield><subfield code="b">Wisconsin</subfield><subfield code="c">Calumet</subfield><subfield code="d">Brillion.</subfield></datafield><datafield ind1="0" ind2="5" tag="780"><subfield code="t">Reedsville banner</subfield><subfield code="w">(DLC)sn 85041369</subfield></datafield><datafield ind1=" " ind2=" " tag="936"><subfield code="a">July 12, 1984</subfield></datafield></record>